<record>
  <leader>01149njm a2200265Ka 4500</leader>
  <controlfield tag="007">sd fungnn  eduuuu</controlfield>
  <controlfield tag="008">yymmdds                            eng d</controlfield>
  <datafield tag="020" ind1="" ind2="">
    <subfield code="a"></subfield>
  </datafield>
  <datafield tag="028" ind1="" ind2="">
    <subfield code="a"></subfield>
  </datafield>
  <datafield tag="040" ind1="" ind2="">
    <subfield code="a"></subfield>
    <subfield code="c"></subfield>
  </datafield>
  <datafield tag="082" ind1="0" ind2="4">
    <subfield code="a"></subfield>
  </datafield>
  <datafield tag="092" ind1="" ind2="">
    <subfield code="a"></subfield>
  </datafield>
  <datafield tag="100" ind1="1" ind2="">
    <subfield code="a"></subfield>
    <subfield code="d"></subfield>
  </datafield>
  <datafield tag="245" ind1="1" ind2="0">
    <subfield code="a"></subfield>
    <subfield code="h">[sound recording]</subfield>
    <subfield code="b"></subfield>
    <subfield code="c"></subfield>
  </datafield>
  <datafield tag="260" ind1="" ind2="">
    <subfield code="a"></subfield>
    <subfield code="b"></subfield>
    <subfield code="c"></subfield>
  </datafield>
  <datafield tag="300" ind1="" ind2="">
    <subfield code="a"></subfield>
    <subfield code="b"></subfield>
    <subfield code="c"></subfield>
  </datafield>
  <datafield tag="511" ind1="" ind2="">
    <subfield code="a"></subfield>
  </datafield>
  <datafield tag="538" ind1="" ind2="">
    <subfield code="a"></subfield>
  </datafield>
  <datafield tag="500" ind1="" ind2="">
    <subfield code="a"></subfield>
  </datafield>
  <datafield tag="505" ind1="" ind2="">
    <subfield code="a"></subfield>
  </datafield>
  <datafield tag="650" ind1="" ind2="0">
    <subfield code="a"></subfield>
  </datafield>
  <datafield tag="655" ind1="" ind2="0">
    <subfield code="a"></subfield>
  </datafield>
  <datafield tag="999" ind1="" ind2="">
    <subfield code="e">Music CD</subfield>
  </datafield>
</record>
